@incollection{MAKING_SOFTWARE,
	author        = "Andy Oram and Greg Wilson",
	booktitle     = "{Making Software: What Really Works, and Why We Believe It}",
	title         = "{How Effective Is Test-Driven Development}",
	pages         = "207--219",
	publisher     = "O'Reilly",
	year          = 2011,
	edition       = 1,
	chapter       = 12
}

@incollection{XP_EXAMINED,
	author        = "Tim Mackinnon, Steve Freeman and Philip Craig",
	booktitle     = "{Extreme programming examined}",
	title         = "{Endo-testing: unit testing with mock objects}",
	pages         = "287--301",
	publisher     = "Addison-Wesley Longman Publishing Co",
	year          = 2001,
	chapter       = 17
}

@article{SAC-J-2003-GeorgeW04,
	author        = "Boby George and Laurie A. Williams",
	doi           = "10.1016/j.infsof.2003.09.011",
	journal       = "{Information and Software Technology}",
	number        = 5,
	pages         = "337--342",
	title         = "{A structured experiment of test-driven development}",
	volume        = 46,
	year          = 2004,
}