@incollection{MAKING_SOFTWARE,
	author        = "Nachiappan Nagappan and Thomas Ball",
	booktitle     = "{Making Software: What Really Works, and Why We Believe It}",
	title         = "{Evidence-Based Failure Prediction}",
	pages         = "415--434",
	publisher     = "O'Reilly",
	year          = 2011,
	edition       = 1,
	chapter       = 23
}

@article{Catal20114626,
title = "Software fault prediction: A literature review and current trends ",
journal = "Expert Systems with Applications ",
volume = "38",
number = "4",
pages = "4626 - 4636",
year = "2011",
note = "",
issn = "0957-4174",
doi = "http://dx.doi.org/10.1016/j.eswa.2010.10.024",
url = "http://www.sciencedirect.com/science/article/pii/S0957417410011681",
author = "Cagatay Catal",
keywords = "Machine learning",
keywords = "Automated fault prediction models",
keywords = "Expert systems",
keywords = "Software quality engineering",
keywords = "Software engineering",
keywords = "Statistical methods "
}

@article{Catal20097346,
title = "A systematic review of software fault prediction studies ",
journal = "Expert Systems with Applications ",
volume = "36",
number = "4",
pages = "7346 - 7354",
year = "2009",
note = "",
issn = "0957-4174",
doi = "http://dx.doi.org/10.1016/j.eswa.2008.10.027",
url = "http://www.sciencedirect.com/science/article/pii/S0957417408007215",
author = "Cagatay Catal and Banu Diri",
keywords = "Machine learning",
keywords = "Automated fault prediction models",
keywords = "Public datasets",
keywords = "Method-level metrics",
keywords = "Expert systems "
}

@article{abaditensorflow,
  title={TensorFlow: Large-scale machine learning on heterogeneous systems, 2015},
  author={Abadi, Mart{\i}n and Agarwal, Ashish and Barham, Paul and Brevdo, Eugene and Chen, Zhifeng and Citro, Craig and Corrado, Greg S and Davis, Andy and Dean, Jeffrey and Devin, Matthieu and others},
  journal={Software available from tensorflow.org},
  year = "2015"
}
