@inproceedings{METRICS_SUITE,
	author        = "Shyam R. Chidamber and Chris F. Kemerer",
	booktitle     = "{IEEE Transactions on Software Engineering}",
	doi           = "10.1109/32.295895",
	ee            = "http://dx.doi.org/10.1109/32.295895",
	pages         = "476--493",
	title         = "{A metrics suite for object oriented design}",
	year          = 1994,
	volume        = 20,
	number        = 6
}

@inproceedings{WEYUKER,
	author        = "Elaine J. Weyuker",
	booktitle     = "{IEEE Transactions on Software Engineering}",
	pages         = "1357--1365",
	publisher     = "{IEEE}",
	title         = "{Evaluating software complexity measures}",
	year          = 1988,
}

@inproceedings{ICSE-1976-McCabe,
	acmid         = "807712",
	author        = "Thomas J. McCabe",
	booktitle     = "{Proceedings of the Second International Conference on Software Engineering}",
	editor        = "Raymond T. Yeh and C. V. Ramamoorthy",
	pages         = "407",
	publisher     = "{IEEE Computer Society}",
	title         = "{A Complexity Measure (Abstract)}",
	year          = 1976,
}

@inproceedings{HENRY,
	author        = "Sallie Henry and Dennis Kafura",
	booktitle     = "{IEEE Transactions on Software Engineering}",
	pages         = "510--518",
	publisher     = "{IEEE Computer Society}",
	title         = "{Software Structure Metrics Based on Information Flow}",
	year          = 1981,
}


@inproceedings{BASILI,
	author        = "{Victor R. Basili, Lionel C. Briand and Walcelio L. Melo}",
	booktitle     = "{IEEE Transactions on Software Engineering}",
	pages         = "751--761",
	publisher     = "{IEEE Computer Society}",
	title         = "{A validation of object-oriented design metrics as quality indicators}",
	year          = 1996,
}


@inproceedings{CHAE,
	author        = "Heung Seok Chae",
	booktitle     = "{Software Metrics Symposium}",
	pages         = "158--166",
	title         = "{A Cohesion Measure for Classes in Object-Oriented Systems}",
	year          = 1996,
}

@article{TOOLS-USA-2003-BadriB04,
	author        = "Linda Badri and Mourad Badri",
	journal       = "{Journal of Object Technology}",
	number        = 4,
	pages         = "145--159",
	title         = "{A Proposal of a New Class Cohesion Criterion: An Empirical Study}",
	volume        = 3,
	year          = 2004,
}

@inproceedings{JOSHI,
	author        = "{Padmaja Joshi and Rusikesh K. Joshi}",
	booktitle     = "{Conference on the Quality of Information and Communications Technology}",
	number        = 7,
	pages         = "319--324",
	title         = "{Quality Analysis of Object Oriented Cohesion Metrics}",
	year          = 2010,
}


@inproceedings{DESOUKY,
	author        = "{Arm F. Desouky and Letha H. Etzkorn}",
	booktitle     = "{Proceedings of the 2014 ACM Southeast Regional Conference}",
	number        = 58,
	title         = "{Object Oriented Cohesion Metrics: A Qualitative Empirical Analysis of Runtime Behavior}",
	year          = 2014,
}

@inproceedings{LU,
	author        = "{Hongmin Lu, Yuming Zhou, Baowen Xu, Harenton Leung and Lin Chen}",
	booktitle     = "{Empirical Software Engineering}",
	title         = "{The ability of object-oriented metrics to predict change-proneness: a meta-analysis}",
	year          = 2012,
	volume        = 17,
	pages         = "200-242"
}


@inproceedings{SINGH,
	author        = "{Pradeep Singh and Shrish Verma}",
	booktitle     = "{International Joint Conference on Computer Science and Software Engineering}",
	title         = "{Empirical Investigation of Fault Prediction Capability of Object Oriented Metrics of Open Source Software }",
	year          = 2012,
	pages         = "323-327"
}

@inproceedings{DALLAL,
	author        = "Jehad Al Dallal",
	booktitle     = "{Information and Software Technology}",
	title         = "{Fault prediction and the discriminative powers of connectivity-based object-oriented class cohesion metrics}",
	year          = 2012,
	volume        = 54,
	pages         = "396--416"
}

@inproceedings{JOHARI,
	author        = "{Kalpana Johari and Arvinder Kaur}",
	booktitle     = "{ACM SIGSOFT Software Engineering Notes}",
	title         = "{Validation of Object Oriented Metrics Using Open Source Software System: An Empirical Study}",
	year          = 2012,
	volume        = 37,
	pages         = "1--4"
}
