@incollection{MAKING_SOFTWARE,
	author        = "Jason Cohen",
	booktitle     = "{Making Software: What Really Works, and Why We Believe It}",
	title         = "{Modern Code Review}",
	pages         = "329--338",
	publisher     = "O'Reilly",
	year          = 2011,
	edition       = 1,
	chapter       = 18
}

@article{10.1109/MS.2003.1241366,
author = {Marcus Ciolkowski and Oliver Laitenberger and Stefan Biffl},
title = {Software Reviews: The State of the Practice},
journal ={IEEE Software},
volume = {20},
number = {6},
issn = {0740-7459},
year = {2003},
pages = {46-51},
doi = {http://doi.ieeecomputersociety.org/10.1109/MS.2003.1241366},
publisher = {IEEE Computer Society},
address = {Los Alamitos, CA, USA},
}

@article{10.1109/2.962984,
author = {Barry Boehm and Victor R. Basili},
title = {Software Defect Reduction Top 10 List},
journal ={Computer},
volume = {34},
number = {1},
issn = {0018-9162},
year = {2001},
pages = {135-137},
doi = {http://doi.ieeecomputersociety.org/10.1109/2.962984},
publisher = {IEEE Computer Society},
address = {Los Alamitos, CA, USA},
}

@book{beck2000extreme,
  title={Extreme programming explained: embrace change},
  author={Beck, Kent},
  year={2000},
  publisher={addison-wesley professional}
}

@book{cohen2006best,
  title={Best kept secrets of peer code review},
  author={Cohen, Jason and Brown, Eric and DuRette, Brandon and Teleki, Steven},
  year={2006},
  publisher={Smart Bear}
}

@inproceedings{Votta:1993:INM:256428.167070,
 author = {Votta,Jr., Lawrence G.},
 title = {Does Every Inspection Need a Meeting?},
 booktitle = {Proceedings of the 1st ACM SIGSOFT Symposium on Foundations of Software Engineering},
 series = {SIGSOFT '93},
 year = {1993},
 isbn = {0-89791-625-5},
 location = {Los Angeles, California, USA},
 pages = {107--114},
 numpages = {8},
 url = {http://doi.acm.org/10.1145/256428.167070},
 doi = {10.1145/256428.167070},
 acmid = {167070},
 publisher = {ACM},
 address = {New York, NY, USA},
}