@article{Galbraith197129,
title = "Matrix organization designs How to combine functional and project forms ",
journal = "Business Horizons ",
volume = "14",
number = "1",
pages = "29 - 40",
year = "1971",
note = "",
issn = "0007-6813",
doi = "http://dx.doi.org/10.1016/0007-6813(71)90037-1",
url = "http://www.sciencedirect.com/science/article/pii/0007681371900371",
author = "Jay R. Galbraith"
}

@article{MEE196470,
title = "Matrix organization",
journal = "Business Horizons",
volume = "7",
number = "2",
pages = "70 - 72",
year = "1964",
note = "",
issn = "0007-6813",
doi = "http://dx.doi.org/10.1016/0007-6813(64)90038-2",
url = "http://www.sciencedirect.com/science/article/pii/0007681364900382",
author = "John F. Mee",

}

@article {KNIGHT,
author = {Knight, Kenneth},
title = {MATRIX ORGANIZATION: A REVIEW},
journal = {Journal of Management Studies},
volume = {13},
number = {2},
publisher = {Blackwell Publishing Ltd},
issn = {1467-6486},
url = {http://dx.doi.org/10.1111/j.1467-6486.1976.tb00528.x},
doi = {10.1111/j.1467-6486.1976.tb00528.x},
pages = {111--130},
year = {1976},
}
