@book{bossavit2013leprechauns,
  title={Leprechauns of Software Engineering: How Folk Law Turns Into Fact [Electronic Resource]},
  author={Bossavit, Laurent},
  year={2013},
  publisher={Lean Publishing}
}

@book{beck2000extreme,
  title={Extreme programming explained: embrace change},
  author={Beck, Kent},
  year={2000},
  publisher={addison-wesley professional}
}

@book{boehm2003balancing,
  title={Balancing Agility and Discipline: A Guide for the Perplexed, Portable Documents},
  author={Boehm, Barry and Turner, Richard},
  year={2003},
  publisher={Addison-Wesley Professional}
}


@article{boehm1976software,
  title={Software Engineering},
  author={Boehm, Barry W},
  year={1976}
}


@book{boehm1981software,
  title={Software engineering economics},
  author={Boehm, Barry W and others},
  volume={197},
  year={1981},
  publisher={Prentice-hall Englewood Cliffs (NJ)}
}

@article{boehm2005software,
  title={Software defect reduction top 10 list},
  author={Boehm, Barry and Basili, Victor R},
  journal={Foundations of empirical software engineering: the legacy of Victor R. Basili},
  volume={426},
  year={2005}
}