@incollection{MAKING_SOFTWARE,
	author        = "Steve McConnell",
	booktitle     = "{Making Software: What Really Works, and Why We Believe It}",
	title         = "{What Does 10x Mean? Measuring Variations in Programmer Productivity}",
	pages         = "567--573",
	publisher     = "O'Reilly",
	year          = 2011,
	edition       = 1,
	chapter       = 30
}

@book{bossavit2013leprechauns,
  title={Leprechauns of Software Engineering: How Folk Law Turns Into Fact [Electronic Resource]},
  author={Bossavit, Laurent},
  year={2013},
  publisher={Lean Publishing}
}

@article{dickey1981programmer,
  title={Programmer variability},
  author={Dickey, Thomas E},
  journal={Proceedings of the IEEE},
  volume={69},
  number={7},
  pages={844--845},
  year={1981},
  publisher={IEEE}
}

@inproceedings{demarco1985programmer,
  title={Programmer performance and the effects of the workplace},
  author={DeMarco, Tom and Lister, Tim},
  booktitle={Proceedings of the 8th international conference on Software engineering},
  pages={268--272},
  year={1985},
  organization={IEEE Computer Society Press}
}

@article{augustine,
  title={Augustine's Laws and Major System Development Programs},
  author={Augustine, N.R.},
  journal={Defense Systems Management Review},
  year={1979},
  pages={50--76}
}